@Article{   ab07,
        author={P.-A. Absil and R. Mahony and R. Sepulchre},
        title={Optimization Algorithms on Matrix Manifolds, Chapter 4},
        journal={Princeton University Press},
        year={2007}
}

@Article{   ak73,
        author={Hirotugu Akaike},
        title={Theory and an Extension of the Maximum Likelihood Principle},
        journal={International Symposium on Information Theory},
        year={1973}
}

@Article{   am98,
        author={S.-I. Amari},
        title={Natural Gradient Works Efficiently},
        journal={Neural Computation},
        year={1998}
}

@Article{   ar19,
    author={F. Ardilaâ€“Mantilla},
    title={CAT(0) geometry, robots, and society},
    journal={Arxiv Preprint},
    year={2019}
}

@Article{   ba11,
        author={F. Bach and E. Moulines},
        title={A Non-Asymptotic Analysis of Stochastic Approximation Algorithms for Machine Learning},
        journal={NeurIPS},
        year={2011}
}

@Article{   ba05,
        author={P.L. Bartlett and O. Bousquet and S. Mendelson},
        title={Local Rademacher complexities},
        journal={Annals of Statistics},
        year={2005}
}

@Article{   ba17,
        author={P.L. Bartlett and D.J. Foster and M.J. Telgarsky},
        title={Spectrally-Normalized Margin Bounds for Neural Networks},
        journal={NeurIPS},
        year={2017}
}

@Article{   be19,
        author={M. Belkin and  Daniel Hsu and Siyuan Ma and S. Mandal},
        title={Reconciling Modern Machine Learning Practice and the Bias-Variance Trade-off},
        journal={PNAS},
        year={2019}
}

@Article{   bo13,
        author={S. Bonnabel},
        title={SGD on Riemannian manifolds},
        journal={IEEE Transactions on Automatic Control},
        year={2013}
}

@Article{   bo12,
        author={L. Bottou},
        title={SGD Tricks},
        journal={Chapter 18 in LNCS Volume 7700},
        year={2012}
}

@Article{   bo91,
        author={L. Bottou},
        title={Stochastic Gradient Learning in Neural Networks},
        journal={Neuro-N\^imes},
        year={1991}
}

@Article{   bo08,
        author={L. Bottou; O. Bosquet},
        title={The Tradeoffs of Large Scale Learning},
        journal={NeurIPS},
        year={2008}
}

@Article{   br57,
        author={F. di Bruno},
        title={Note sur une nouvelle formule de calcul differentiel},
        journal={The Quarterly Journal of Pure and Applied Mathematics},
        year={1857}
}

@Article{   ca47,
        author={A.-L. Cauchy},
        title={M\'ethode g\'en\'erale pour la r\'esolution des syst\'emes d'\'equations simultan\'ees},
        journal={Comptes rendus de l'Acad\'emie des Sciences},
        year={1847}
}

@Article{   ch87,
        author={E.F.F. Chladni},
        title={Entdeckungen \"uber die Theorie des Klanges},
        journal={Leipzig},
        year={1787}
}

@Article{   ch14,
        author={Tianqi Chen and E.B. Fox and C. Guestrin},
        title={Stochastic Gradient Hamiltonian Monte Carlo},
        journal={ICML},
        year={2014}
}

@Article{   ch17,
        author={P. Chaudhari and A. Choromanska and S. Soatto and Y. LeCun and C. Baldassi and C. Borgs and J. Chayes and L. Sagun and E. Zecchina},
        title={Entropy-SGD: Biasing Gradient Descent Into Wide Valleys},
        journal={ICLR},
        year={2017}
}

@Article{   ch18,
        author={P. Chaudhari and S. Soatto},
        title={SGD performs variational inference, converges to limit cycles for deep networks},
        journal={ICLR},
        year={2018}
}

@Article{   ch15,
        author={A. Choromanska and M. Henaff and M. Mathieu and G.B. Arous and Y. LeCun},
        title={The Loss Surfaces of Multilayer Networks},
        journal={PMLR},
        year={2015}
}

@Article{   co14,
        author={P. Comon},
        title={An Introduction to Tensors},
        journal={IEEE Signal Processing Magazine},
        year={2014}
}

@Article{   cu87,
        author={P. McCullagh},
        title={Tensor Methods in Statistics},
        journal={Chemical Rubber Company Press},
        year={1987}
}

@Article{   di17,
        author={Laurent Dinh and R. Pascanu and S. Bengio and Y. Bengio},
        title={Sharp Minima Can Generalize For Deep Nets},
        journal={ICLR},
        year={2017},
}

@Article{   di18,
        author={M.F. Dixon and T. Ward},
        title={Takeuchi Information as a form of Regularization},
        journal={Arxiv Preprint},
        year={2018}
}

@Article{   du19,
        author={J. Duchi and Hongseok Namkoong},
        title={Variance-Based Regularization with Convex Objectives},
        journal={JMLR},
        year={2019}
}

@Article{   dw06,
    author={C. Dwork and F. McSherry and K. Nissim and A. Smith},
    title={Calibrating Noise to Sensitivity in Private Data Analysis},
    journal={Theory of Crypography},
    year={2006}
}

@Article{   dy19,
        author={E. Dyer and G. Gur-Ari},
        title={Asymptotics of Wide Networks from Feynman Diagrams},
        journal={ICML Workshop},
        year={2019},
}

@Article{   dy49a,
        author={F. Dyson},
        title={The Radiation Theories of Tomonaga, Schwinger, and Feynman},
        journal={Physical Review},
        year={1949}
}

@Article{   dy49b,
        author={F. Dyson},
        title={The $S$ Matrix in Quantum Electrodynamics},
        journal={Physical Review},
        year={1949}
}

@Article{   fe49,
        author={R.P. Feynman},
        title={A Space-Time Appxoach to Quantum Electrodynamics},
        journal={Physical Review},
        year={1949}
}

@Article{   fi17,
        author={C. Finn and P. Abbeel and S. Levine},
        title={Model-Agnostic Meta-Learning for Fast Adaptation of Deep Networks},
        journal={ICML},
        year={2017}
}

@Article{   fo19,
        author={Brendan Fong and D.I. Spivak},
        title={An Invitation to Applied Category Theory},
        journal={Cambridge University Press},
        year={2019}
}

@Article{   ga23,
        author = {C.F. Gauss},
        title={Theoria Combinationis Obsevationum Erroribus Minimis Obnoxiae, section 39},
        journal={Proceedings of the Royal Society of Gottingen},
        year = {1823}
}

@Article{   ge54,
        author = {M. Gell-Mann and M.L. Goldberger},
        title={Scattering of Low-Energy Photons by PArticles of Spin $\frac{1}{2}$},
        journal={Physical Review},
        year={1954}
}

@Article{   go18,
        author={P. Goyal and P. Doll\'{a}r and R. Girshick and P. Noordhuis and L. Wesolowski and A. Kyrola and A. Tulloch and Yangqing Jia and Kaiming He},
        title={Accurate, Large Minibatch SGD},
        journal={Data @ Scale},
        year={2018}
}

@Article{   gu18,
        author={S. Gunasekar and Jason Lee and D. Soudry and N. Srebro},
        title={Characterizing Implicit Bias in Terms of Optimization Geometry},
        journal={PMLR},
        year={2018}
}

@Article{   ho17,
        author={E. Hoffer and I. Hubara and D. Soudry},
        title={Train Longer, Generalize Better},
        journal={NeurIPS},
        year={2017}
}

@Article{   ja18,
        author={S. Jastrz\k{e}bski and Z. Kenton and D. Arpit and N. Ballas and A. Fischer and Y. Bengio and A. Storkey},
        title={Three Factors Influencing Minima in SGD},
        journal={Arxiv Preprint},
        year={2018}
}

@Article{   ke17,
        author={N.S. Keskar and D. Mudigere and J. Nocedal and M. Smelyanskiy and P.T.P. Tang},
        title={On Large-Batch Training for Deep Learning: Generalization Gap and Sharp Minima},
        journal={ICLR},
        year={2017}
}

@Article{   ki52,
        author={J. Kiefer and J. Wolfowitz},
        title={Stochastic Estimation of the Maximum of a Regression Function},
        journal={Annals of Mathematical Statistics},
        year={1952}
}

@Article{   ko93,
        author={I. Kol\'{a}\u{r} and P.W. Michor and J. Slov\'{a}k},
        title={Natural Operations in Differential Geometry},
        journal={Springer},
        year={1993}
}

@Article{   kr09,
        author={A. Krizhevsky},
        title={Learning Multiple Layers of Features from Tiny Images},
        journal={UToronto Thesis},
        year={2009}
}

@Article{   ku19,
        author={F. Kunstner and P. Hennig and L. Balles},
        title={Limitations of the empirical Fisher approximation for natural gradient descent},
        journal={NeurIPS},
        year={2019}
}

@Article{   la60,
        author={L.D. Landau and E.M. Lifshitz},
        title={Mechanics},
        journal={Pergamon Press},
        year={1960}
}

@Article{   la51,
        author={L.D. Landau and E.M. Lifshitz},
        title={The Classical Theory of Fields},
        journal={Addison-Wesley},
        year={1951}
}

@Article{   le15,
        author={Y. LeCun and Y. Bengio and G. Hinton},
        title={Deep Learning},
        journal={Nature},
        year={2015}
}

@Article{   li17,
        author={Qianxiao Li and Cheng Tai and Weinan E},
        title={Stochastic Modified Equations and Adaptive Stochastic Gradient Algorithms I},
        journal={PMLR},
        year={2017}
}

@Article{   li18,
        author={Qianli Liao and B. Miranda and A. Banburski and J. Hidary and T. Poggio},
        title={A Surprising Linear Relationship Predicts Test Performance in Deep Networks},
        journal={Center for Brains, Minds, and Machines Memo 91},
        year={2018}
}

@Article{   ma10,
        author={J. Martens},
        title={Deep Learning via Hessian-Free Optimization},
        journal={ICML},
        year={2010}
}

@Article{   me18,
        author={Song Mei and A. Montanari and P.-M. Nguyen},
        title={A Mean Field View of the Landscape of Two-Layer Neural Networks},
        journal={PNAS},
        year={2018}
}

@Article{   me20,
        author={Song Mei and A. Montanari},
        title={The Generalization Error of Random Features Regression},
        journal={Arxiv Preprint},
        year={2020}
}

@Article{   mi73,
        author={C.W. Misner and K.S. Thorne and J.A. Wheeler},
        title={Gravitation},
        journal={W.H. Freeman and Company},
        year={1973}
}

@Article{   mo18a,
        author={Wenlong Mou and Liwei Wang and Xiyu Zhai and Kai Zheng},
        title={Generalization Bounds of SGLD for Non-convex Learning: Two Theoretical Viewpoints},
        journal={PMLR},
        year={2018}
}

@Article{   mo18b,
        author={M. Mohri and A. Rostamizadeh and A. Talwalkar},
        title={Foundations of Machine Learning, Section 6.3.2},
        journal={MIT Press},
        year={2018}
}

@Article{   ne04,
        author={Y. Nesterov},
        title={Lectures on Convex Optimization: Minimization of Smooth Functions},
        journal={Springer Applied Optimization 87, Section 2.1},
        year={2004}
}

@Article{   ne17a,
        author={B. Neyshabur and S. Bhojanapalli and D. McAllester and N. Srebro},
        title={Exploring Generalization in Deep Learning},
        journal={NeurIPS},
        year={2017}
}

@Article{   ne17b,
        author={B. Neyshabur and R. Tomioka and R. Salakhutdinov and N. Srebro},
        title={Geometry of Optimization and Implicit Regularization in Deep Learning},
        journal={Chapter 4 from Intel CRI-CI: Why and When Deep Learning Works Compendium},
        year={2017}
}

@Article{   ni11,
        author={Feng Niu and B. Recht and C. R\'e and S.J. Wright},
        title={HOGWILD!: A Lock-Free Approach to Parallelizing SGD},
        journal={NeurIPS},
        year={2011}
}

@Article{   ni17,
        author={M. Nickel and D. Kiela},
        title={Poincar\'e Embeddings for Learning Hierarchical Representations},
        journal={ICML},
        year={2017}
}

@Article{   pa19,
        author={A. Paszke and S. Gross and F. Massa and A. Lerer and J. Bradbury and T. Killeen and Zeming Lin and N. Gimelshein and L. Antiga and A. Desmaison and A. Kopf and Edward Yang and Z. DeVito and M. Raison and A. Tejani and S. Chilamkurthy and B. Steiner and Lu Fang and Junjie Bai and S. Chintala},
        title={PyTorch: An Imperative Style, High-Performance Deep Learning Library},
        journal={NeurIPS},
        year={2019}
}

@Article{   pe71,
        author={R. Penrose},
        title={Applications of Negative Dimensional Tensors},
        journal={Combinatorial Mathematics and its Applications},
        year={1971}
}

@Article{   ro18,
        author={D.A. Roberts},
        title={SGD Implicitly Regularizes Generalization Error},
        journal={NeurIPS: Integration of Deep Learning Theories Workshop},
        year={2018}
}
@Article{   ro19,
        author={D.A. Roberts},
        title={SGD},
        journal={Personal communication},
        year={2019}
}


@Article{   ro51,
        author={H. Robbins and S. Monro},
        title={A Stochastic Approximation Method},
        journal={Pages 400-407 of The Annals of Mathematical Statistics.},
        year={1951}
}

@Article{   ro64,
        author={G.-C. Rota},
        title={Theory of M\"obius Functions},
        journal={Zeitschrift f\"ur Wahrscheinlichkeitstheoriei und Verwandte Gebiete},
        year={1964}
}

@Article{   ro12,
        author={N.L. Roux and Y. Bengio and A. Fitzgibbon},
        title={Improving First and Second-Order Methods by Modeling Uncertainty},
        journal={Book Chapter: Optimization for Machine Learning, Chapter 15},
        year={2012}
}

@Article{   sc13,
        author={T. Schaul and Sixin Zhang and Y. LeCun},
        title={No More Pesky Learning Rates},
        journal={PMLR},
        year={2013}
}

@Article{   si17,
        author={N.D. Sidiropoulos and L.D. Lathauwer and Xiao Fu and Kejun Huang and E.E. Papalexakis and C. Faloutsos},
        title={Tensor Decomposition for Signal Processing and Machine Learning},
        journal={IEEE Transactions on Signal Processing},
        year={2017}
}

@Article{   sm18a,
        author={S.L. Smith and P.-J. Kindermans and Chris Ying and Q.V. Le},
        title={Don't Decay the Learning Rate, Increase the Batch Size},
        journal={ICLR},
        year={2018}
}

@Article{   sm18b,
        author={S.L. Smith and Q.V. Le},
        title={A Bayesian Perspective on Generalization and SGD},
        journal={ICLR},
        year={2018}
}

@Article{   st56,
        author={C. Stein},
        title={Inadmissibility of the Usual Estimator for the Mean of a Multivariate Normal Distribution},
        journal={Berkeley Symposium on Mathematical Probability},
        year={1956}
}

@Article{   st19,
        author={E. Strubell and A. Ganesh and A. McCallum},
        title={Energy and Policy Considerations for Deep Learning in NLP},
        journal={ACL},
        year={2019}
}

@Article{   ta15,
        author={B. Taylor},
        title={Theorem 3 of Methodus Incrementorum Directa et Inversa},
        journal={Proceedings of the Royal Society},
        year={1715}
}

@Article{   vi00,
        author={M.P. Vitruvius},
        title={De architectura (Book 10, Chapter 6)},
        journal={Self-published},
        year={circa $10^{1/2}$ b.c.e.}
}

@Article{   wa13,
        author={Chong Wang and Xi Chen and A.J. Smola and E.P. Xing},
        title={Variance Reduction for Stochastic Gradient Optimization},
        journal={NeurIPS},
        year={2013}
}

@Article{   wa18,
        author={Huan Wang and N.S. Keskar and Caiming Xiong and R. Socher},
        title={Identifying Generalization Properties in Neural Networks},
        journal={Arxiv Preprint},
        year={2018}
}

@Article{   we19a,
        author={Yeming Wen and Kevin Luk and M. Gazeau and Guodong Zhang and Harris Chan and Jimmy Ba},
        title={Interplay Between Optimization and Generalization of SGD with Covariance Noise},
        journal={Arxiv Preprint},
        year={2019}
}

@Article{   we19b,
        author={Mingwei Wei and D.J. Schwab},
        title={How Noise Affects the Hessian Spectrum in Overparameterized Neural Networks},
        journal={Arxiv Preprint},
        year={2019}
}

@Article{   we74,
        author={P. Werbos},
        title={Beyond Regression: New Tools for Prediction and Analysis},
        journal={Harvard Thesis},
        year={1974}
}

@Article{   wu18,
        author={Lei Wu and Chao Ma and Weinan E},
        title={How SGD Selects the Global Minima in Over-Parameterized Learning},
        journal={NeurIPS},
        year={2018}
}

@Article{   wu20,
        author={Jingfeng Wu and Wenqing Hu and Haoyi Xiong and Jun Huan and V. Braverman and Zhanxing Zhu},
        title={On the Noisy Gradient Descent that Generalizes as SGD},
        journal={ICML},
        year={2020}
}

@Article{   xi17, 
        author={Han Xiao and L. Rasul and R. Vollgraf},
        title={Fashion-MNIST: a Novel Image Dataset for Benchmarking Machine Learning Algorithms},
        journal={Arxiv Preprint},
        year={2017}
}

@Article{   ya19a,
        author={Sho Yaida},
        title={Fluctuation-Dissipation Relations for SGD},
        journal={ICLR},
        year={2019}
}
@Article{   ya19b,
        author={Sho Yaida},
        title={A First Law of Thermodynamics for SGD},
        journal={Personal Communication},
        year={2019}
}

@Article{   zo20,
        author={Difan Zou and Yuan Cao and Dongruo Zhou and Quanquan Gu},
        title={Stochastic Gradient Descent Optimizes Over-parameterized Deep ReLU Networks},
        journal={MLJ},
        year={2020}
}

@Article{   zh16,
        author={Hongyi Zhang and S.J. Reddi and S. Sra},
        title={Fast stochastic optimization on Riemannian manifolds},
        journal={NeurIPS},
        year={2016}
}

@Article{   zh17,
        author={Chiyuan Zhang and S. Bengio and M. Hardt and B. Recht and O. Vinyals},
        title={Understanding deep learning requires rethinking generalization},
        journal={ICLR},
        year={2017}
}

@Article{   zh19,
        author={Zhanxing Zhu and Jingfeng Wu and Bing Yu and Jinwen Ma},
        title={The Anisotropic Noise in Stochastic Gradient Descent},
        journal={ICML},
        year={2019}
}


