@Article{   am98,
        author={Amari, S.},
        title={Natural Gradient Works Efficiently},
        journal={Neural Computation},
        year={1998}
}

@Article{   ba11,
        author={Bach, F. and Moulines, E.},
        title={A Non-Asymptotic Analysis of Stochastic Approximation Algorithms for Machine Learning},
        journal={NeurIPS},
        year={2011}
}

@Article{   ba17,
        author={Bartlett, P.L. and Foster, D.J. and Telgarsky, M.J.},
        title={Spectrally-Normalized Margin Bounds for Neural Networks},
        journal={NeurIPS},
        year={2017}
}

@Article{   bo13,
        author={Bonnabel, S.},
        title={Stochastic gradient descent on Riemannian manifolds},
        journal={IEEE Transactions on Automatic Control},
        year={2013}
}

@Article{   bo12,
        author={Bottou, L.},
        title={Stochastic Gradient Descent Tricks},
        journal={Chapter 18 in LNCS Volume 7700},
        year={2012}
}

@Article{   bo91,
        author={Bottou, L.},
        title={Stochastic Gradient Learning in Neural Networks},
        journal={Neuro-N\^imes},
        year={1991}
}

@Article{   bo08,
        author={Bottou, L.; Bosquet, O.},
        title={The Tradeoffs of Large Scale Learning},
        journal={NeurIPS},
        year={2008}
}

@Article{   br57,
        author={di Bruno, F.},
        title={Note sur une nouvelle formule de calcul differentiel},
        journal={The Quarterly Journal of Pure and Applied Mathematics},
        year={1857}
}

@Article{   ca47,
        author={Cauchy, A.-L.},
        title={M\'ethode g\'en\'erale pour la r\'esolution des syst\'emes d'\'equations simultan\'ees},
        journal={Comptes rendus de l'Acad\'emie des Sciences},
        year={1847}
}

@Article{   ch17,
        author={Chaudhari, P. and Choromanska, A. and Soatto, S. and LeCun, Y. and Baldassi, C. and Borgs, C. and Chayes, J. and Sagun, L. and Zecchina, R.},
        title={Entropy-SGD: Biasing Gradient Descent Into Wide Valleys},
        journal={ICLR},
        year={2017}
}

@Article{   ch18,
        author={Chaudhari, P. and Soatto, S.},
        title={Stochastic gradient descent performs variational inference, converges to limit cycles for deep networks},
        journal={ICLR},
        year={2018}
}

@Article{   ch15,
        author={Choromanska, A. and Henaff, M. and Mathieu, M. and Arous, G.B. and LeCun, Y.},
        title={The Loss Surfaces of Multilayer Networks},
        journal={PMLR},
        year={2015}
}

@Article{   di17,
        author={Dinh, L. and Pascanu, R. and Bengio, S. and Bengio, Y.},
        title={Sharp Minima Can Generalize For Deep Nets},
        journal={ICLR},
        year={2017},
}

@Article{   du19,
        author={Duchi, J. and Namkoong, H.},
        title={Variance-Based Regularization with Convex Objectives},
        journal={JMLR},
        year={2019}
}

@Article{   dy19,
        author={Dyer, E. and Gur-Ari, G.},
        title={Asymptotics of Wide Networks from Feynman Diagrams},
        journal={ICML Workshop},
        year={2019},
}

@Article{   dy49a,
        author={Dyson, F.},
        title={The Radiation Theories of Tomonaga, Schwinger, and Feynman},
        journal={Physical Review},
        year={1949}
}

@Article{   dy49b,
        author={Dyson, F.},
        title={The $S$ Matrix in Quantum Electrodynamics},
        journal={Physical Review},
        year={1949}
}

@Article{   ge54,
        author = {Gell-Mann, M. and Goldberger, M.L.},
        title={Scattering of Low-Energy Photons by PArticles of Spin $\frac{1}{2}$},
        journal={Physical Review},
        year={1954}
}

@Article{   go18,
        author={Goyal, P. and Doll\'{a}r, P. and Girshick, R. and Noordhuis, P. and Wesolowski, L. and Kyrola, A. and Tulloch, A. and Jia, Y. and He, K.},
        title={Accurate, Large Minibatch SGD},
        journal={Data @ Scale},
        year={2018}
}

@Article{   gu18,
        author={Gunasekar, S. and Lee, J. and Soudry, D. and Srebro, N.},
        title={Characterizing Implicit Bias in Terms of Optimization Geometry},
        journal={PMLR},
        year={2018}
}

@Article{   ho17,
        author={Hoffer, E. and Hubara, I. and Soudry, D.},
        title={Train Longer, Generalize Better},
        journal={NeurIPS},
        year={2017}
}

@Article{   ja18,
        author={Jastrz\k{e}bski, S. and Kenton, Z. and Arpit, D. and Ballas N. and Fischer, A. and Bengio Y. and Storkey A.},
        title={Three Factors Influencing Minima in SGD},
        journal={Arxiv Preprint},
        year={2018}
}

@Article{   ke17,
        author={Keskar, N.S. and Mudigere, D. and Nocedal, J. and Smelyanskiy, M. and Tang, P.T.P.},
        title={On Large-Batch Training for Deep Learning: Generalization Gap and Sharp Minima},
        journal={ICLR},
        year={2017}
}

@Article{   ki52,
        author={Kiefer, J. and Wolfowitz, J.},
        title={Stochastic Estimation of the Maximum of a Regression Function},
        journal={Annals of Mathematical Statistics},
        year={1952}
}

@Article{   kr09,
        author={Krizhevsky, A.},
        title={Learning Multiple Layers of Features from Tiny Images},
        journal={UToronto Thesis},
        year={2009}
}

@Article{   le15,
        author={LeCun, Y. and Bengio, Y. and Hinton, G.},
        title={Deep Learning},
        journal={Nature},
        year={2015}
}

@Article{   li17,
        author={Li, Q. and Tai, C. and E, W.},
        title={Stochastic Modified Equations and Adaptive Stochastic Gradient Algorithms},
        journal={PMLR},
        year={2017}
}

@Article{   li18,
        author={Liao, Q. and Miranda, B. and Banburski, A. and Hidary, J. and Poggio, T.},
        title={A Surprising Linear Relationship Predicts Test Performance in Deep Networks},
        journal={Center for Brains, Minds, and Machines Memo 91},
        year={2018}
}

@Article{   ma10,
        author={Martens, J.},
        title={Deep Learning via Hessian-Free Optimization},
        journal={ICML},
        year={2010}
}

@Article{   me18,
        author={Mei, S. and Montanari, A. and Nguyen, P.-M.},
        title={A Mean Field View of the Landscape of Two-Layer Neural Networks},
        journal={PNAS},
        year={2018}
}

@Article{   mo18,
        author={Mou, W. and Wang, L. and Zhai, X. and Zheng, K.},
        title={Generalization Bounds of SGLD for Non-convex Learning: Two Theoretical Viewpoints},
        journal={PMLR},
        year={2018}
}

@Article{   ne04,
        author={Nesterov, Y.},
        title={Lectures on Convex Optimization: Minimization of Smooth Functions},
        journal={Springer Applied Optimization 87, Section 2.1},
        year={2004}
}

@Article{   ne17a,
        author={Neyshabur, B. and Bhojanapalli, S. and McAllester, D. and Srebro, N.},
        title={Exploring Generalization in Deep Learning},
        journal={NeurIPS},
        year={2017}
}

@Article{   ne17b,
        author={Neyshabur, B. and Tomioka, R. and Salakhutdinov, R. and Srebro, N.},
        title={Geometry of Optimization and Implicit Regularization in Deep Learning},
        journal={Chapter 4 from Intel CRI-CI: Why and When Deep Learning Works Compendium},
        year={2017}
}

@Article{   pe71,
        author={Penrose, R.},
        title={Applications of Negative Dimensional Tensors},
        journal={Combinatorial Mathematics and its Applications},
        year={1971}
}

@Article{   ro18,
        author={Roberts, D.A.},
        title={SGD Implicitly Regularizes Generalization Error},
        journal={NeurIPS: Integration of Deep Learning Theories Workshop},
        year={2018}
}

@Article{   ro51,
        author={Robbins, H. and Monro, S.},
        title={A Stochastic Approximation Method},
        journal={Pages 400-407 of The Annals of Mathematical Statistics.},
        year={1951}
}

@Article{   sc13,
        author={Schaul, T. and Zhang, S. and LeCun, Y.},
        title={No More Pesky Learning Rates},
        journal={PMLR},
        year={2013}
}

@Article{   sm18a,
        author={Smith, S.L. and Kindermans, P.-J. and Ying, C. and Le, Q.V.},
        title={Don't Decay the Learning Rate, Increase the Batch Size},
        journal={ICLR},
        year={2018}
}

@Article{   sm18b,
        author={Smith, S.L. and Le, Q.V.},
        title={A Bayesian Perspective on Generalization and Stochastic Gradient Descent},
        journal={ICLR},
        year={2018}
}

@Article{   st56,
        author={Stein, C.},
        title={Inadmissibility of the Usual Estimator for the Mean of a Multivariate Normal Distribution},
        journal={Berkeley Symposium on Mathematical Probability},
        year={1956}
}

@Article{   ta15,
        author={Taylor, B.},
        title={Theorem 3 of Methodus Incrementorum Directa et Inversa},
        journal={Proceedings of the Royal Society},
        year={1715}
}

@Article{   wa13,
        author={Wang, C. and Xi Chen, X. and Smola, A.J. and Xing, E.P.},
        title={Variance Reduction for Stochastic Gradient Optimization},
        journal={NeurIPS},
        year={2013}
}

@Article{   wa18,
        author={Wang, H. and Keskar, N.S. and Xiong, C. and Socher, R.},
        title={Identifying Generalization Properties in Neural Networks},
        journal={Arxiv Preprint},
        year={2018}
}

@Article{   we19,
        author={Wen, Y. and Luk, K. and Gazeau, M. and Zhang, G. and Chan H. and Ba, J.},
        title={Interplay Between Optimization and Generalization of SGD with Covariance Noise},
        journal={Arxiv Preprint},
        year={2019}
}

@Article{   we74,
        author={Werbos, P.},
        title={Beyond Regression: New Tools for Prediction and Analysis},
        journal={Harvard Thesis},
        year={1974}
}

@Article{   wu18,
        author={Wu, L. and Ma C. and E, W.},
        title={How SGD Selects the Global Minima in Over-Parameterized Learning},
        journal={NeurIPS},
        year={2018}
}

@Article{   ya19,
        author={Yaida, S.},
        title={Fluctuation-Dissipation Relations for Stochastic Gradient Descent},
        journal={ICLR},
        year={2019}
}

@Article{   zh17,
        author={Zhang, C. and Bengio, S. and Hardt, M. and Recht, B. and Vinyals, O.},
        title={Understanding deep learning requires rethinking generalization},
        journal={ICLR},
        year={2017}
}
